<record><leader>00000cas a2200000 a 4500</leader><controlfield tag="001">37213083</controlfield><controlfield tag="008">970628d19061914miudn n       0    0eng c</controlfield><datafield ind1=" " ind2=" " tag="010"><subfield code="a">sn 97063328 </subfield></datafield><datafield ind1=" " ind2=" " tag="040"><subfield code="a">MHN</subfield><subfield code="b">eng</subfield><subfield code="c">MHN</subfield><subfield code="d">OCL</subfield><subfield code="d">OCLCQ</subfield><subfield code="d">OCLCF</subfield><subfield code="d">OCLCO</subfield></datafield><datafield ind1="1" ind2=" " tag="029"><subfield code="a">AU@</subfield><subfield code="b">000013352787</subfield></datafield><datafield ind1=" " ind2=" " tag="042"><subfield code="a">pcc</subfield></datafield><datafield ind1=" " ind2=" " tag="043"><subfield code="a">n-us-mi</subfield></datafield><datafield ind1="0" ind2=" " tag="130"><subfield code="a">Adrian times (Adrian, Mich. : Daily)</subfield></datafield><datafield ind1="1" ind2="4" tag="245"><subfield code="a">The Adrian times.</subfield></datafield><datafield ind1="1" ind2="3" tag="246"><subfield code="a">Times and expositor</subfield></datafield><datafield ind1=" " ind2=" " tag="260"><subfield code="a">Adrian, Mich. :</subfield><subfield code="b">Times Print. Co.</subfield></datafield><datafield ind1=" " ind2=" " tag="300"><subfield code="a">v.</subfield></datafield><datafield ind1=" " ind2=" " tag="310"><subfield code="a">Daily (except Sun.)</subfield></datafield><datafield ind1="0" ind2=" " tag="362"><subfield code="a">Mar. 7, 1906-Apr. 11, 1914.</subfield></datafield><datafield ind1=" " ind2=" " tag="580"><subfield code="a">Triweekly ed.: Adrian times (Adrian, Mich. : Triweekly).</subfield></datafield><datafield ind1=" " ind2="0" tag="651"><subfield code="a">Adrian (Mich.)</subfield><subfield code="v">Newspapers.</subfield></datafield><datafield ind1=" " ind2="0" tag="651"><subfield code="a">Lenawee County (Mich.)</subfield><subfield code="v">Newspapers.</subfield></datafield><datafield ind1=" " ind2="7" tag="655"><subfield code="a">Newspapers.</subfield><subfield code="2">fast</subfield><subfield code="0">(OCoLC)fst01423814</subfield></datafield><datafield ind1=" " ind2="7" tag="651"><subfield code="a">Michigan</subfield><subfield code="z">Adrian.</subfield><subfield code="2">fast</subfield><subfield code="0">(OCoLC)fst01225781</subfield></datafield><datafield ind1=" " ind2="7" tag="651"><subfield code="a">Michigan</subfield><subfield code="z">Lenawee County.</subfield><subfield code="2">fast</subfield><subfield code="0">(OCoLC)fst01211964</subfield></datafield><datafield ind1=" " ind2=" " tag="752"><subfield code="a">United States</subfield><subfield code="b">Michigan</subfield><subfield code="c">Lenawee</subfield><subfield code="d">Adrian.</subfield></datafield><datafield ind1="1" ind2=" " tag="775"><subfield code="t">Adrian times (Adrian, Mich. : Triweekly)</subfield><subfield code="w">(DCLC)sn 95077566</subfield><subfield code="w">(OCoLC)33969333</subfield></datafield><datafield ind1="0" ind2="0" tag="780"><subfield code="t">Adrian daily times (Adrian, Mich. : 1904)</subfield><subfield code="w">(DCLC)sn 95077567</subfield><subfield code="w">(OCoLC)33969302</subfield></datafield><datafield ind1="0" ind2="4" tag="785"><subfield code="t">Adrian daily telegraph</subfield><subfield code="w">(DCLC)sn 95077573</subfield><subfield code="w">(OCoLC)33972670</subfield></datafield></record>